@article{reride,
    author    = "Bagalkot, Naveen L. and Sokoler, Tomas and Baadkar, Suraj",
    journal   = "PervasiveHealth",
    title     = "{ReRide: Performing Lower Back Rehabilitation While Riding Your Motorbike in Traffic}",
    year      = "2016"
}

