@book{books:shaping-things,
    author    = "Sterling, Bruce",
    title     = "Shaping things",
    year      = "2005",
    publisher = "Mediawork"
}, 
@book{books:cloud-computing,
editor    = "Catlett, Charlie and Gentzsch, Wolfgang and Grandinetti, Lucio and Joubert, Gerhard and Vazquez-Poletti, Jos√© L.",
title     = "{Cloud Computing and Big Data}",
year      = "2013",
publisher = "IOS Press BV"
},
@book{books:big-data,
	editor    = "Bessis, Nik and Dobre, Ciprian",
	title     = "{Big Data and Internet of Things: A Roadmap for Smart Environments}",
	year      = "2014",
	publisher = "Springer",
	series    = "Studies in Computational Intelligence",
	volume   = "546"
}