@misc{website:gcp,
	author = "Google",
	title = "Overview of {Internet of Things}",
	month = "February",
	year = "2017",
	note = "https://cloud.google.com/solutions/iot-overview"
}, @misc{website:firebase,
      author = "Google",
      title = "Firebase",
      month = "February",
      year = "2017",
      note = "https://firebase.google.com/"
}, @misc{website:aws,
author = "Amazon",
title = "{AWS IoT Features}",
month = "February",
year = "2017",
note = "https://aws.amazon.com/iot-platform/how-it-works/"
}, @misc{website:bluemix-blockchain,
author = "IBM",
title = "{Exernal Service Integration}",
month = "March",
year = "2017",
note = "https://console.ng.bluemix.net/docs/services/IoT/reference/extensions/index.html"
}
